@Book{AdvFML,
	author = {Marcos LÃ³pez de Prado},
	title = {Advances in Financial Machine Learning},
	publisher = {Wiley},
	year = {2018},
}

@Manual{imputeFin,
	title = {{imputeFin: Imputation of Financial Time Series with 
	Missing Values}},
    author = {J. Liu and D. P. Palomar},
    note = {R package version 0.1.1},
    year = {2019},
    url = {https://CRAN.R-project.org/package=imputeFin},
}