@Book{AdvFML,
	author = {Marcos López de Prado},
	title = {Advances in Financial Machine Learning},
	publisher = {Wiley},
	year = {2018},
}

@Book{acfDefinition,
	title = "Chapter 5 - Multiscale Methods for Denoising and Compression",
	editor = "Beata Walczak",
	series = "Data Handling in Science and Technology",
	publisher = "Elsevier",
	volume = "22",
	pages = "119 - 150",
	year = "2000",
	booktitle = "Wavelets in Chemistry",
	issn = "0922-3487",
	doi = "https://doi.org/10.1016/S0922-3487(00)80030-1",
	url = "http://www.sciencedirect.com/science/article/pii/S0922348700800301",
	author = "Mohamed N. Nounou and Bhavik R. Bakshi"
}

@online{metaLabelingSignalEfficacy,
  author = {Ashutosh Singh and Jacques Joubert},
  title = {Does Meta Labeling Add to Signal Efficacy?},
  year = 2019,
  url = {https://hudsonthames.org/does-meta-labeling-add-to-signal-efficacy-triple-barrier-method/}
}

@Manual{imputeFin,
	title = {{imputeFin: Imputation of Financial Time Series with 
	Missing Values}},
    author = {J. Liu and D. P. Palomar},
    note = {R package version 0.1.1},
    year = {2019},
    url = {https://CRAN.R-project.org/package=imputeFin},
}

@article{zakamulin2018revisiting,
  title={Revisiting the profitability of market timing with moving 
  averages},
  author={Zakamulin, Valeriy},
  journal={International Review of Finance},
  volume={18},
  number={2},
  pages={317--327},
  year={2018},
  publisher={Wiley Online Library}
}

@article{glabadanidis2015market,
  title={Market timing with moving averages},
  author={Glabadanidis, Paskalis},
  journal={International Review of Finance},
  volume={15},
  number={3},
  pages={387--425},
  year={2015},
  publisher={Wiley Online Library}
}

@book{beran2018mathematical,
  title={Mathematical foundations of time series analysis: a concise 
  introduction},
  author={Beran, Jan},
  year={2018},
  publisher={Springer}
}

@Manual{tseriesR,
	title = {tseries: Time Series Analysis and Computational Finance},
    author = {Adrian Trapletti and Kurt Hornik},
    year = {2019},
    note = {R package version 0.10-47.},
    url = {https://CRAN.R-project.org/package=tseries},
}

@article{sharpe1994sharpe,
  title={The Sharpe Ratio, the journal of Portfolio Management},
  author={Sharpe, William F},
  journal={Stanfold University, Fall},
  year={1994}
}

@article{clark1973subordinated,
  title={A subordinated stochastic process model with finite variance for 
  speculative prices},
  author={Clark, Peter K},
  journal={Econometrica: journal of the Econometric Society},
  pages={135--155},
  year={1973},
  publisher={JSTOR}
}

@article{volumeClock,
  title={The volume clock: Insights into the high-frequency paradigm},
  author={Easley, David and de Prado, Marcos M L{\'o}pez and O’Hara, 
  Maureen},
  journal={The Journal of Portfolio Management},
  volume={39},
  number={1},
  pages={19--29},
  year={2012},
  publisher={Institutional Investor Journals Umbrella}
}

@Manual{RStats,
  title = {R: A Language and Environment for Statistical Computing},
  author = {{R Core Team}},
  organization = {R Foundation for Statistical Computing},
  address = {Vienna, Austria},
  year = {2019},
  url = {https://www.R-project.org/},
}
 
@misc{brockwell2016introduction,
  title={Introduction to time series and forecasting (3rd edn. ed.)},
  author={Brockwell, Peter J and Davis, Richard A},
  year={2016},
  publisher={Berlin: Springer}
}

@article{nielsen2005non,
  title={Non-stationary time series and unit root tests},
  author={Nielsen, Heino Bohn},
  journal={Unpublished Lecture Notes for Econometrics},
  volume={2},
  year={2005}
} 

@article{hosking1981fractional,
  title={Fractional differencing. Biometrika 68 165--176},
  author={Hosking, JRM},
  journal={Mathematical Reviews (MathSciNet): MR614953 Zentralblatt MATH},
  volume={464},
  year={1981}
}

@techreport{gajda2020fractional,
  title={Fractional differentiation and its use in machine learning},
  author={Gajda, Janusz and Walasek, Rafa{\l} and others},
  year={2020}
}

@article{stylizedFacts,
	author = {   R.   Cont },
	title = {Empirical properties of asset returns: stylized facts and 
	statistical issues},
	journal = {Quantitative Finance},
	volume = {1},
	number = {2},
	pages = {223-236},
	year  = {2001},
	publisher = {Routledge},
	doi = {10.1080/713665670},
	URL = { 
	        https://doi.org/10.1080/713665670
	},
	eprint = { 
	        https://doi.org/10.1080/713665670
	}
}
